@inproceedings{toyama2012gaze,
  title={Gaze guided object recognition using a head-mounted eye tracker},
  author={Toyama, Takumi and Kieninger, Thomas and Shafait, Faisal and Dengel, Andreas},
  booktitle={Proceedings of the Symposium on Eye Tracking Research and Applications},
  pages={91--98},
  year={2012}
}

@inproceedings{ishiguro2010aided,
  title={Aided eyes: eye activity sensing for daily life},
  author={Ishiguro, Yoshio and Mujibiya, Adiyan and Miyaki, Takashi and Rekimoto, Jun},
  booktitle={Proceedings of the 1st Augmented Human International Conference},
  pages={1--7},
  year={2010}
}

@article{bonino2009blueprint,
  title={A blueprint for integrated eye-controlled environments},
  author={Bonino, Dario and Castellina, Emiliano and Corno, Fulvio and Gale, Alastair and Garbo, Alessandro and Purdy, Kevin and Shi, Fangmin},
  journal={Universal Access in the Information Society},
  volume={8},
  number={4},
  pages={311},
  year={2009},
  publisher={Springer}
}

@article{wolf2018automating,
  title={Automating areas of interest analysis in mobile eye tracking experiments based on machine learning},
  author={Wolf, Julian and Hess, Stephan and Bachmann, David and Lohmeyer, Quentin and Meboldt, Mirko},
  journal={Journal of Eye Movement Research},
  volume={11},
  number={6},
  pages={6},
  year={2018},
  publisher={Bern Open Publishing}
}

@article{cognolato2018head,
  title={Head-mounted eye gaze tracking devices: An overview of modern devices and recent advances},
  author={Cognolato, Matteo and Atzori, Manfredo and M{\"u}ller, Henning},
  journal={Journal of rehabilitation and assistive technologies engineering},
  volume={5},
  pages={2055668318773991},
  year={2018},
  publisher={SAGE Publications Sage UK: London, England}
}

@article{martin2018dynamics,
  title={Dynamics of driver's gaze: Explorations in behavior modeling and maneuver prediction},
  author={Martin, Sujitha and Vora, Sourabh and Yuen, Kevan and Trivedi, Mohan Manubhai},
  journal={IEEE Transactions on Intelligent Vehicles},
  volume={3},
  number={2},
  pages={141--150},
  year={2018},
  publisher={IEEE}
}

@inproceedings{szegedy2016rethinking,
  title={Rethinking the inception architecture for computer vision},
  author={Szegedy, Christian and Vanhoucke, Vincent and Ioffe, Sergey and Shlens, Jon and Wojna, Zbigniew},
  booktitle={Proceedings of the IEEE conference on computer vision and pattern recognition},
  pages={2818--2826},
  year={2016}
}

@inproceedings{zhang2015appearance,
  title={Appearance-based gaze estimation in the wild},
  author={Zhang, Xucong and Sugano, Yusuke and Fritz, Mario and Bulling, Andreas},
  booktitle={Proceedings of the IEEE conference on computer vision and pattern recognition},
  pages={4511--4520},
  year={2015}
}

@inproceedings{schneider2014manifold,
  title={Manifold alignment for person independent appearance-based gaze estimation},
  author={Schneider, Timo and Schauerte, Boris and Stiefelhagen, Rainer},
  booktitle={2014 22nd International Conference on Pattern Recognition},
  pages={1167--1172},
  year={2014},
  organization={IEEE}
}

@inproceedings{sugano2014learning,
  title={Learning-by-synthesis for appearance-based 3d gaze estimation},
  author={Sugano, Yusuke and Matsushita, Yasuyuki and Sato, Yoichi},
  booktitle={Proceedings of the IEEE Conference on Computer Vision and Pattern Recognition},
  pages={1821--1828},
  year={2014}
}

@inproceedings{kim2019nvgaze,
  title={NVGaze: An anatomically-informed dataset for low-latency, near-eye gaze estimation},
  author={Kim, Joohwan and Stengel, Michael and Majercik, Alexander and De Mello, Shalini and Dunn, David and Laine, Samuli and McGuire, Morgan and Luebke, David},
  booktitle={Proceedings of {CHI} Conference on Human Factors in Computing Systems},
  publisher={{ACM} press},
  pages={550},
  year={2019}
}

@inproceedings{wang2018hierarchical,
  title={A hierarchical generative model for eye image synthesis and eye gaze estimation},
  author={Wang, Kang and Zhao, Rui and Ji, Qiang},
  booktitle={Proceedings of the IEEE Conference on Computer Vision and Pattern Recognition},
  pages={440--448},
  year={2018}
}

@inproceedings{sesma2012evaluation,
  title={Evaluation of pupil center-eye corner vector for gaze estimation using a web cam},
  author={Sesma, Laura and Villanueva, Arantxa and Cabeza, Rafael},
  booktitle={Proceedings of the symposium on eye tracking research and applications},
  pages={217--220},
  year={2012},
  organization={ACM}
}

@article{torricelli2008neural,
  title={A neural-based remote eye gaze tracker under natural head motion},
  author={Torricelli, Diego and Conforto, Silvia and Schmid, Maurizio and Dâ€™Alessio, Tommaso},
  journal={Computer methods and programs in biomedicine},
  volume={92},
  number={1},
  pages={66--78},
  year={2008},
  publisher={Elsevier}
}

@inproceedings{wood2015rendering,
  title={Rendering of eyes for eye-shape registration and gaze estimation},
  author={Wood, Erroll and Baltrusaitis, Tadas and Zhang, Xucong and Sugano, Yusuke and Robinson, Peter and Bulling, Andreas},
  booktitle={Proceedings of the IEEE International Conference on Computer Vision},
  pages={3756--3764},
  year={2015}
}

@inproceedings{wood20163d,
  title={A 3d morphable eye region model for gaze estimation},
  author={Wood, Erroll and Baltru{\v{s}}aitis, Tadas and Morency, Louis-Philippe and Robinson, Peter and Bulling, Andreas},
  booktitle={European Conference on Computer Vision},
  pages={297--313},
  year={2016},
  organization={Springer}
}

@inproceedings{wood2016learning,
  title={Learning an appearance-based gaze estimator from one million synthesised images},
  author={Wood, Erroll and Baltru{\v{s}}aitis, Tadas and Morency, Louis-Philippe and Robinson, Peter and Bulling, Andreas},
  booktitle={Proceedings of the Ninth Biennial ACM Symposium on Eye Tracking Research \& Applications},
  pages={131--138},
  year={2016}
}

@inproceedings{wang2017real,
  title={Real time eye gaze tracking with 3d deformable eye-face model},
  author={Wang, Kang and Ji, Qiang},
  booktitle={Proceedings of the IEEE International Conference on Computer Vision},
  pages={1003--1011},
  year={2017}
}

@inproceedings{redmon2016you,
  title={You only look once: Unified, real-time object detection},
  author={Redmon, Joseph and Divvala, Santosh and Girshick, Ross and Farhadi, Ali},
  booktitle={Proceedings of the IEEE conference on computer vision and pattern recognition},
  pages={779--788},
  year={2016}
}

@inproceedings{liu2016ssd,
  title={Ssd: Single shot multibox detector},
  author={Liu, Wei and Anguelov, Dragomir and Erhan, Dumitru and Szegedy, Christian and Reed, Scott and Fu, Cheng-Yang and Berg, Alexander C},
  booktitle={European conference on computer vision},
  pages={21--37},
  year={2016},
  organization={Springer}
}

@inproceedings{lin2017focal,
  title={Focal loss for dense object detection},
  author={Lin, Tsung-Yi and Goyal, Priya and Girshick, Ross and He, Kaiming and Doll{\'a}r, Piotr},
  booktitle={Proceedings of the IEEE international conference on computer vision},
  pages={2980--2988},
  year={2017}
}

@inproceedings{girshick2014rich,
  title={Rich feature hierarchies for accurate object detection and semantic segmentation},
  author={Girshick, Ross and Donahue, Jeff and Darrell, Trevor and Malik, Jitendra},
  booktitle={Proceedings of the IEEE conference on computer vision and pattern recognition},
  pages={580--587},
  year={2014}
}

@inproceedings{girshick2015fast,
  title={Fast r-cnn},
  author={Girshick, Ross},
  booktitle={Proceedings of the IEEE international conference on computer vision},
  pages={1440--1448},
  year={2015}
}

@inproceedings{ren2015faster,
  title={Faster r-cnn: Towards real-time object detection with region proposal networks},
  author={Ren, Shaoqing and He, Kaiming and Girshick, Ross and Sun, Jian},
  booktitle={Advances in neural information processing systems},
  pages={91--99},
  year={2015}
}

@inproceedings{he2017mask,
  title={Mask r-cnn},
  author={He, Kaiming and Gkioxari, Georgia and Doll{\'a}r, Piotr and Girshick, Ross},
  booktitle={Proceedings of the IEEE international conference on computer vision},
  pages={2961--2969},
  year={2017}
}

@article{liu2020deep,
  title={Deep learning for generic object detection: A survey},
  author={Liu, Li and Ouyang, Wanli and Wang, Xiaogang and Fieguth, Paul and Chen, Jie and Liu, Xinwang and Pietik{\"a}inen, Matti},
  journal={International journal of computer vision},
  volume={128},
  number={2},
  pages={261--318},
  year={2020},
  publisher={Springer}
}

@article{simonyan2014very,
  title={Very deep convolutional networks for large-scale image recognition},
  author={Simonyan, Karen and Zisserman, Andrew},
  journal={arXiv preprint arXiv:1409.1556},
  year={2014}
}

@inproceedings{szegedy2015going,
  title={Going deeper with convolutions},
  author={Szegedy, Christian and Liu, Wei and Jia, Yangqing and Sermanet, Pierre and Reed, Scott and Anguelov, Dragomir and Erhan, Dumitru and Vanhoucke, Vincent and Rabinovich, Andrew},
  booktitle={Proceedings of the IEEE conference on computer vision and pattern recognition},
  pages={1--9},
  year={2015}
}

@inproceedings{szegedy2017inception,
  title={Inception-v4, inception-resnet and the impact of residual connections on learning},
  author={Szegedy, Christian and Ioffe, Sergey and Vanhoucke, Vincent and Alemi, Alexander A},
  booktitle={Thirty-first AAAI conference on artificial intelligence},
  year={2017}
}

@inproceedings{he2016deep,
  title={Deep residual learning for image recognition},
  author={He, Kaiming and Zhang, Xiangyu and Ren, Shaoqing and Sun, Jian},
  booktitle={Proceedings of the IEEE conference on computer vision and pattern recognition},
  pages={770--778},
  year={2016}
}

@article{Lecun_1998,
    doi = {10.1109/5.726791},
    url = {https://doi.org/10.1109%2F5.726791},
    year = 1998,
    publisher = {Institute of Electrical and Electronics Engineers ({IEEE})},
    volume = {86},
    number = {11},
    pages = {2278--2324},
    author = {Y. Lecun and L. Bottou and Y. Bengio and P. Haffner},
    title = {Gradient-based learning applied to document recognition},
    journal = {Proceedings of the {IEEE}}
}

@article{COCO,
    author = {Lin, Tsung-Yi and Maire, Michael and Belongie, Serge and Hays, James and Perona, Pietro and Ramanan, Deva and DollÃ¡r, Piotr and Zitnick, C.},
    year = {2014},
    month = {05},
    pages = {},
    title = {Microsoft COCO: Common Objects in Context},
    journal = {{ECCV}}
}

@article{Krizhevsky_2017,
    doi = {10.1145/3065386},
    url = {https://doi.org/10.1145%2F3065386},
    year = 2017,
    month = 5,
    publisher = {Association for Computing Machinery ({ACM})},
    volume = {60},
    number = {6},
    pages = {84--90},
    author = {Alex Krizhevsky and Ilya Sutskever and Geoffrey E. Hinton},
    title = {{ImageNet} classification with deep convolutional neural networks},
    journal = {Communications of the {ACM}}
}
